% The example bibliographical entries below were borrowed from the
% <https://www.ctan.org/pkg/biblatex-iso690> package documentation.

% BORGMAN, Christine L., 2003. From Gutenberg to the global information
% infrastructure: access to information in the networked world. First. Cambridge
% (Mass): The MIT Press. ISBN 0-262-52345-0 [xviii, 324]
@inproceedings{ron2013quantitative,
  title={Quantitative analysis of the full bitcoin transaction graph},
  author={Ron, Dorit and Shamir, Adi},
  booktitle={International Conference on Financial Cryptography and Data Security},
  pages={6--24},
  year={2013},
  organization={Springer}
}
@misc{nakamoto2008bitcoin,
  title={Bitcoin: A peer-to-peer electronic cash system},
  author={Nakamoto, Satoshi},
  year={2008}
}

@inproceedings{ron2014did,
  title={How did dread pirate roberts acquire and protect his bitcoin wealth?},
  author={Ron, Dorit and Shamir, Adi},
  booktitle={International Conference on Financial Cryptography and Data Security},
  pages={3--15},
  year={2014},
  organization={Springer}
}

@inproceedings{androulaki2013evaluating,
  title={Evaluating user privacy in bitcoin},
  author={Androulaki, Elli and Karame, Ghassan O and Roeschlin, Marc and Scherer, Tobias and Capkun, Srdjan},
  booktitle={International Conference on Financial Cryptography and Data Security},
  pages={34--51},
  year={2013},
  organization={Springer}
}

@inproceedings{meiklejohn2013fistful,
  title={A fistful of bitcoins: characterizing payments among men with no names},
  author={Meiklejohn, Sarah and Pomarole, Marjori and Jordan, Grant and Levchenko, Kirill and McCoy, Damon and Voelker, Geoffrey M and Savage, Stefan},
  booktitle={Proceedings of the 2013 conference on Internet measurement conference},
  pages={127--140},
  year={2013},
  organization={ACM}
}

@inproceedings{androulaki2013evaluating,
  title={Evaluating user privacy in bitcoin},
  author={Androulaki, Elli and Karame, Ghassan O and Roeschlin, Marc and Scherer, Tobias and Capkun, Srdjan},
  booktitle={International Conference on Financial Cryptography and Data Security},
  pages={34--51},
  year={2013},
  organization={Springer}
}
@article{fleder2015bitcoin,
  title={Bitcoin transaction graph analysis},
  author={Fleder, Michael and Kester, Michael S and Pillai, Sudeep},
  journal={arXiv preprint arXiv:1502.01657},
  year={2015}
}

@incollection{reid2013analysis,
  title={An analysis of anonymity in the bitcoin system},
  author={Reid, Fergal and Harrigan, Martin},
  booktitle={Security and privacy in social networks},
  pages={197--223},
  year={2013},
  publisher={Springer}
} 
@inproceedings{spagnuolo2014bitiodine,
  title={Bitiodine: Extracting intelligence from the bitcoin network},
  author={Spagnuolo, Michele and Maggi, Federico and Zanero, Stefano},
  booktitle={International Conference on Financial Cryptography and Data Security},
  pages={457--468},
  year={2014},
  organization={Springer}
}

@inproceedings{garay2015bitcoin,
  title={The Bitcoin Backbone Protocol: Analysis and Applications.},
  author={Garay, Juan A and Kiayias, Aggelos and Leonardos, Nikos},
  booktitle={EUROCRYPT (2)},
  pages={281--310},
  year={2015}
}
@article{martin2014lost,
  title={Lost on the Silk Road: Online drug distribution and the ‘cryptomarket’},
  author={Martin, James},
  journal={Criminology \& Criminal Justice},
  volume={14},
  number={3},
  pages={351--367},
  year={2014},
  publisher={Sage Publications Sage UK: London, England}
}
@article{van2013surfing,
  title={‘Surfing the Silk Road’: A study of users’ experiences},
  author={Van Hout, Marie Claire and Bingham, Tim},
  journal={International Journal of Drug Policy},
  volume={24},
  number={6},
  pages={524--529},
  year={2013},
  publisher={Elsevier}
}

@inproceedings{wehinger2011dark,
  title={The Dark Net: Self-regulation dynamics of illegal online markets for identities and related services},
  author={Wehinger, Frank},
  booktitle={Intelligence and Security Informatics Conference (EISIC), 2011 European},
  pages={209--213},
  year={2011},
  organization={IEEE}
}

@article{barratt2014use,
  title={Use of Silk Road, the online drug marketplace, in the United Kingdom, Australia and the United States},
  author={Barratt, Monica J and Ferris, Jason A and Winstock, Adam R},
  journal={Addiction},
  volume={109},
  number={5},
  pages={774--783},
  year={2014},
  publisher={Wiley Online Library}
}

@article{van2014responsible,
  title={Responsible vendors, intelligent consumers: Silk Road, the online revolution in drug trading},
  author={Van Hout, Marie Claire and Bingham, Tim},
  journal={International Journal of Drug Policy},
  volume={25},
  number={2},
  pages={183--189},
  year={2014},
  publisher={Elsevier}
}
@article{paquet2017cryptomarkets,
  title={Are Cryptomarkets the Future of Drug Dealing? Assessing the Structure of the Drug Market Hosted on Cryptomarkets},
  author={Paquet-Clouston, Masarah-Cynthia},
  year={2017}
}
@inproceedings{moser2013inquiry,
  title={An inquiry into money laundering tools in the Bitcoin ecosystem},
  author={Moser, Malte and Bohme, Rainer and Breuker, Dominic},
  booktitle={eCrime Researchers Summit (eCRS), 2013},
  pages={1--14},
  year={2013},
  organization={IEEE}
}

@inproceedings{motoyama2011analysis,
  title={An analysis of underground forums},
  author={Motoyama, Marti and McCoy, Damon and Levchenko, Kirill and Savage, Stefan and Voelker, Geoffrey M},
  booktitle={Proceedings of the 2011 ACM SIGCOMM conference on Internet measurement conference},
  pages={71--80},
  year={2011},
  organization={ACM}
}

@techreport{dingledine2004tor,
  title={Tor: The second-generation onion router},
  author={Dingledine, Roger and Mathewson, Nick and Syverson, Paul},
  year={2004},
  institution={Naval Research Lab Washington DC}
}
@book{Zimmermann:1995:OPU:202735,
 author = {Zimmermann, Philip R.},
 title = {The Official PGP User's Guide},
 year = {1995},
 isbn = {0-262-74017-6},
 publisher = {MIT Press},
 address = {Cambridge, MA, USA},
} 

@article{nakamoto2008bitcoin,
  title={Bitcoin: A peer-to-peer electronic cash system},
  author={Nakamoto, Satoshi},
  year={2008}
}

@article{aldridge2014not,
  title={Not an'Ebay for Drugs': the Cryptomarket'Silk Road'as a paradigm shifting criminal innovation},
  author={Aldridge, Judith and D{\'e}cary-H{\'e}tu, David},
  year={2014}
}
@article{cox2016staying,
  title={Staying in the shadows: The use of bitcoin and encryption in cryptomarkets},
  author={Cox, Joseph},
  journal={Internet and drug markets, EMCDDA insights},
  pages={41--47},
  year={2016},
  publisher={Publications Office of the European Union, Luxembourg}
}
@article{tzanetakis2016transparency,
  title={The transparency paradox. Building trust, resolving disputes and optimising logistics on conventional and online drugs markets},
  author={Tzanetakis, Meropi and Kamphausen, Gerrit and Werse, Bernd and von Laufenberg, Roger},
  journal={International Journal of Drug Policy},
  volume={35},
  pages={58--68},
  year={2016},
  publisher={Elsevier}
}

@article{dolliver2016characteristics,
  title={Characteristics of drug vendors on the Tor network: a cryptomarket comparison},
  author={Dolliver, Diana S and Kenney, Jennifer L},
  journal={Victims \& Offenders},
  volume={11},
  number={4},
  pages={600--620},
  year={2016},
  publisher={Taylor \& Francis}
}

@article{broseus2016studying,
  title={Studying illicit drug trafficking on Darknet markets: structure and organisation from a Canadian perspective},
  author={Bros{\'e}us, Julian and Rhumorbarbe, Damien and Mireault, Caroline and Ouellette, Vincent and Crispino, Frank and D{\'e}cary-H{\'e}tu, David},
  journal={Forensic science international},
  volume={264},
  pages={7--14},
  year={2016},
  publisher={Elsevier}
}
@article{decary2017repeat,
  title={Are repeat buyers in cryptomarkets loyal customers? Repeat business between dyads of cryptomarket vendors and users},
  author={D{\'e}cary-H{\'e}tu, David and Quessy-Dor{\'e}, Olivier},
  journal={American Behavioral Scientist},
  volume={61},
  number={11},
  pages={1341--1357},
  year={2017},
  publisher={SAGE Publications Sage CA: Los Angeles, CA}
}

@article{aldridge2017delivery,
  title={Delivery dilemmas: How drug cryptomarket users identify and seek to reduce their risk of detection by law enforcement},
  author={Aldridge, Judith and Askew, Rebecca},
  journal={International Journal of Drug Policy},
  volume={41},
  pages={101--109},
  year={2017},
  publisher={Elsevier}
}
@article{decary2016going,
  title={Going international? Risk taking by cryptomarket drug vendors},
  author={D{\'e}cary-H{\'e}tu, David and Paquet-Clouston, Masarah and Aldridge, Judith},
  journal={International Journal of Drug Policy},
  volume={35},
  pages={69--76},
  year={2016},
  publisher={Elsevier}
}
@article{walsh2011drugs,
  title={Drugs, the Internet and change},
  author={Walsh, Charlotte},
  journal={Journal of psychoactive drugs},
  volume={43},
  number={1},
  pages={55--63},
  year={2011},
  publisher={Taylor \& Francis}
}
@article{barratt2014use,
  title={Use of Silk Road, the online drug marketplace, in the United Kingdom, Australia and the United States},
  author={Barratt, Monica J and Ferris, Jason A and Winstock, Adam R},
  journal={Addiction},
  volume={109},
  number={5},
  pages={774--783},
  year={2014},
  publisher={Wiley Online Library}
}
@article{van2013silk,
  title={‘Silk Road’, the virtual drug marketplace: A single case study of user experiences},
  author={Van Hout, Marie Claire and Bingham, Tim},
  journal={International Journal of Drug Policy},
  volume={24},
  number={5},
  pages={385--391},
  year={2013},
  publisher={Elsevier}
}

@article{dolliver2015criminogenic,
  title={Criminogenic Asymmetries in Cyberspace: A Comparative Analysis of Two Tor Marketplaces},
  author={Dolliver, Diana S and Love, Katherine L},
  journal={Journal of Globalization Studies},
  volume={6},
  number={2},
  pages={75--96},
  year={2015},
  publisher={Общество с ограниченной ответственностью" Издательство" Учитель"}
}

@inproceedings{christin2013traveling,
  title={Traveling the Silk Road: A measurement analysis of a large anonymous online marketplace},
  author={Christin, Nicolas},
  booktitle={Proceedings of the 22nd international conference on World Wide Web},
  pages={213--224},
  year={2013},
  organization={ACM}
}
@article{barratt2012silk,
  title={Silk Road: eBay for drugs},
  author={Barratt, Monica J},
  journal={Addiction},
  volume={107},
  number={3},
  pages={683--683},
  year={2012},
  publisher={Wiley Online Library}
}
@article{aldridge2014not,
  title={Not an'Ebay for Drugs': the Cryptomarket'Silk Road'as a paradigm shifting criminal innovation},
  author={Aldridge, Judith and D{\'e}cary-H{\'e}tu, David},
  year={2014}
}
@BOOK{fbi10,
  publisher    = {Federal bureau of investigation},
  date      = {2011},
  title     = {Bank Crime Statistics (BCS)},
  subtitle  = {Federal Insured Financial Institutions, January 1, 2010 – December 31, 2010},
  location  = {XXX},
  langid    = {english}
}
%  location  = {https://www.fbi.gov/stats$-$services/publications/bank$-$crime$-$statistics$-$2010/bank$-$crime$-$statistics$-$2010},

@BOOK{fbcyber,
  publisher    = { Internet Crime Complaint Center},
  date      = {2011},
  title     = {2010 Internet Crime Report},
  location  = {https://pdf.ic3.gov/2010_IC3Report.pdf},
  langid    = {english}
}

%-----------------------------------------------

@BOOK{borgman03,
  author    = {Borgman, Christine L.},
  date      = {2003},
  title     = {From Gutenberg to the global information infrastructure},
  subtitle  = {access to information in the networked world},
  edition   = {1}, % should not be stated
  location  = {Cambridge (Mass)},
  publisher = {The MIT Press},
  pagetotal = {xviii, 324},
  isbn      = {0-262-52345-0},
  langid    = {english}
}

% GREENBERG, David, 1998. Camel drivers and gatecrashers: quality control in
% the digital research library. In: HAWKINS, B.L et al. (eds.). The mirage of
% continuity: reconfiguring academic information resources for the 21st
% century.  Washington (D.C.): Council on Library and Information Resources;
% Association of American Universities, pp. 105–116

@INCOLLECTION{greenberg98,
  crossref  = {mirage98},
  author    = {Greenberg, David},
  title     = {Camel drivers and gatecrashers},
  subtitle  = {quality control in the digital research library},
  pages     = {105-116},
}

@COLLECTION{mirage98,
  title     = {The mirage of continuity},
  subtitle  = {reconfiguring academic information
               resources for the 21st century},
  editor    = {Hawkins, B.L and Battin, P},
  date      = {1998},
  location  = {Washington (D.C.)},
  publisher = {Council on Library and Information Resources;
               Association of American Universities},
  langid    = {english}
}

% LYNCH, C., 2005. Where do we go from here?: the next decade for digital
% libraries. DLib Magazine [online]. Vol. 11, no. 7/8 [visited on 2005-08-15].
% ISSN 1082-9873.  Available from:
% http://www.dlib.org/dlib/july05/lynch/07lynch.html

@ARTICLE{lynch05,
  crossref = {dlib},
  author   = {Lynch, C.},
  title    = {Where do we go from here?},
  subtitle = {the next decade for digital libraries},
  url      = {http://www.dlib.org/dlib/july05/lynch/07lynch.html},
  urldate  = {2005-08-15}
}

@PERIODICAL{dlib,
  journaltitle = {DLib Magazine},
  date         = {2005},
  volume       = {11},
  number       = {7/8},
  issn         = {1082-9873},
  langid       = {english},
}

% HÀN, Thé Thành, 2001. Micro-typographic extensions to the TEX type- setting
% system [online]. Brno [visited on 2016-12-09]. Available from:
% http://www.pragma-ade.nl/pdftex/thesis.pdf. PhD thesis. The Faculty of
% Informatics, Masaryk University.

@PHDTHESIS{thanh01,
  author      = {Hàn Thé, Thành},
  title       = {Micro-typographic extensions to the \TeX{} typesetting system},
  date        = {2001},
  institution = {The Faculty of Informatics, Masaryk University},
  location    = {Brno},
  url         = {http://www.pragma-ade.nl/pdftex/thesis.pdf},
  urldate     = {2016-12-09},
  langid      = {english}
}

% SHANNON, Claude Elwood, 1940. A symbolic analysis of relay and switching
% circuits. Available from DOI: 1721.1/11173. Master’s thesis.  Massachusetts
% Institute of Technology.

@MASTERSTHESIS{shannon40,
  author      = {Shannon, Claude Elwood},
  title       = {A symbolic analysis of relay and switching circuits},
  date        = {1940},
  institution = {Massachusetts Institute of Technology},
  langid      = {english},
  doi         = {1721.1/11173},
}

% EHLINGER JR., Philip Charles. Device for the treatment of hiccups. US.
% US Patent, 7062320.

@PATENT{ehlinger06,
  author   = {Ehlinger Jr., Philip Charles},
  title    = {Device for the treatment of hiccups},
  type     = {US Patent},
  location = {US},
  date     = {2006},
  number   = {7062320},
  langid   = {english}
}

% Masaryk University, 1996–2009 [online]. Brno: Masaryk University
% [visited on 2016-12-09]. Available from: https://www.muni.cz/en.

@ONLINE{muni,
  publisher = {Masaryk University},
  title     = {Masaryk University},
  date      = {1996/2009},
  url       = {https://www.muni.cz/en},
  urldate   = {2016-12-09},
  location  = {Brno},
  langid    = {english}
}
